@book{kn,
  title={The {\TeX} Book},
  author={Donald E. Knuth},
  year={1984},
  publisher={Addison-Wesley},
  edition={15th}
}


%@Book{knuth:84,
%  author = 	 {Donald E. Knuth},
%  title = 	 {The {\TeX} Book},
%  publisher = 	 {Addison-Wesley},
%  year = 	 {1984},
%  edition = 	 {15th}
%}

@InCollection{boulic:91,
  author = 	 {R. Boulic and O. Renault},
  title = 	 {3D Hierarchies for Animation},
  booktitle = 	 {New Trends in Animation and Visualization},
  publisher =    {John Wiley {\&} Sons ltd.},
  year = 	 {1991},
  editor = 	 {Nadia Magnenat-Thalmann and Daniel Thalmann}
}

@InCollection{smith:99,
  author = 	 {A. Smith and B. Jones},
  title = 	 {On the Complexity of Computing},
  booktitle = 	 {Advances in Computer Science},
  pages = 	 {555--566},
  publisher =    {Publishing Press},
  year = 	 {1999},
  editor = 	 {A. B. Smith-Jones}
}

%https://www.bibme.org/
%Site gerador de referencia bibliogr√°fica